@inproceedings{ScalableDistributedStreamProcessing,
  author =       "Mitch Cherniack and Hari Balakrishnan and Magdalena Balazinska and Donald Carney and Ugur Cetintemel and Ying Xing and Stan Zdonik",
  title =        "{Scalable Distributed Stream Processing}",
  booktitle =    {CIDR 2003 - First Biennial Conference on Innovative Data Systems Research},
  year =         {2003},
  month =        {January},
  address =      {Asilomar, CA}
}

@inproceedings{StormTwitter,
  author = {Toshniwal, Ankit and Taneja, Siddarth and Shukla, Amit and Ramasamy, Karthik and Patel, Jignesh M. and Kulkarni, Sanjeev and Jackson, Jason and Gade, Krishna and Fu, Maosong and Donham, Jake and Bhagat, Nikunj and Mittal, Sailesh and Ryaboy, Dmitriy},
  title = {Storm@Twitter},
  booktitle = {Proceedings of the 2014 ACM SIGMOD International Conference on Management of Data},
  series = {SIGMOD '14},
  year = {2014},
  isbn = {978-1-4503-2376-5},
  location = {Snowbird, Utah, USA},
  pages = {147--156},
  numpages = {10},
  url = {http://doi.acm.org/10.1145/2588555.2595641},
  doi = {10.1145/2588555.2595641},
  acmid = {2595641},
  publisher = {ACM},
  address = {New York, NY, USA},
  keywords = {real-time query processing, stream data management},
}

@inproceedings{StreamStanford,
 author = {Arasu, Arvind and Babcock, Brian and Babu, Shivnath and Datar, Mayur and Ito, Keith and Nishizawa, Itaru and Rosenstein, Justin and Widom, Jennifer},
 title = {STREAM: The Stanford Stream Data Manager (Demonstration Description)},
 booktitle = {Proceedings of the 2003 ACM SIGMOD International Conference on Management of Data},
 series = {SIGMOD '03},
 year = {2003},
 isbn = {1-58113-634-X},
 location = {San Diego, California},
 pages = {665--665},
 numpages = {1},
 url = {http://doi.acm.org/10.1145/872757.872854},
 doi = {10.1145/872757.872854},
 acmid = {872854},
 publisher = {ACM},
 address = {New York, NY, USA},
}

@article{Aurora,
 author = {Balakrishnan, Hari and Balazinska, Magdalena and Carney, Don and \&\#x00c7;etintemel, U\&\#x011f;ur and Cherniack, Mitch and Convey, Christian and Galvez, Eddie and Salz, Jon and Stonebraker, Michael and Tatbul, Nesime and Tibbetts, Richard and Zdonik, Stan},
 title = {Retrospective on Aurora},
 journal = {The VLDB Journal},
 issue_date = {December 2004},
 volume = {13},
 number = {4},
 month = dec,
 year = {2004},
 issn = {1066-8888},
 pages = {370--383},
 numpages = {14},
 url = {http://dx.doi.org/10.1007/s00778-004-0133-5},
 doi = {10.1007/s00778-004-0133-5},
 acmid = {1037093},
 publisher = {Springer-Verlag New York, Inc.},
 address = {Secaucus, NJ, USA},
 keywords = {Data stream management, Distributed stream processing, Monitoring applications, Quality-of-service, Stream-processing engines},
}

@inproceedings{Zookeeper,
 author = {Hunt, Patrick and Konar, Mahadev and Junqueira, Flavio P. and Reed, Benjamin},
 title = {ZooKeeper: Wait-free Coordination for Internet-scale Systems},
 booktitle = {Proceedings of the 2010 USENIX Conference on USENIX Annual Technical Conference},
 series = {USENIXATC'10},
 year = {2010},
 location = {Boston, MA},
 pages = {11--11},
 numpages = {1},
 url = {http://dl.acm.org/citation.cfm?id=1855840.1855851},
 acmid = {1855851},
 publisher = {USENIX Association},
 address = {Berkeley, CA, USA},
}

@article{The8Requirements,
  author = {Stonebraker, Michael and \c{C}etintemel, U\v{g}ur and Zdonik, Stan},
  title = {The 8 Requirements of Real-time Stream Processing},
  journal = {SIGMOD Rec.},
  issue_date = {December 2005},
  volume = {34},
  number = {4},
  month = dec,
  year = {2005},
  issn = {0163-5808},
  pages = {42--47},
  numpages = {6},
  url = {http://doi.acm.org/10.1145/1107499.1107504},
  doi = {10.1145/1107499.1107504},
  acmid = {1107504},
  publisher = {ACM},
  address = {New York, NY, USA},
}

@inproceedings{TwitterHeron,
  author = {Kulkarni, Sanjeev and Bhagat, Nikunj and Fu, Maosong and Kedigehalli, Vikas and Kellogg, Christopher and Mittal, Sailesh and Patel, Jignesh M. and Ramasamy, Karthik and Taneja, Siddarth},
  title = {Twitter Heron: Stream Processing at Scale},
  booktitle = {Proceedings of the 2015 ACM SIGMOD International Conference on Management of Data},
  series = {SIGMOD '15},
  year = {2015},
  isbn = {978-1-4503-2758-9},
  location = {Melbourne, Victoria, Australia},
  pages = {239--250},
  numpages = {12},
  url = {http://doi.acm.org/10.1145/2723372.2742788},
  doi = {10.1145/2723372.2742788},
  acmid = {2742788},
  publisher = {ACM},
  address = {New York, NY, USA},
  keywords = {real-time data processing., stream data processing systems},
}

@inproceedings{OnlyOneLook,
  author = {Garofalakis, Minos and Gehrke, Johannes and Rastogi, Rajeev},
  title = {Querying and Mining Data Streams: You Only Get One Look a Tutorial},
  booktitle = {Proceedings of the 2002 ACM SIGMOD International Conference on Management of Data},
  series = {SIGMOD '02},
  year = {2002},
  isbn = {1-58113-497-5},
  location = {Madison, Wisconsin},
  pages = {635--635},
  numpages = {1},
  url = {http://doi.acm.org/10.1145/564691.564794},
  doi = {10.1145/564691.564794},
  acmid = {564794},
  publisher = {ACM},
  address = {New York, NY, USA},
}

@INPROCEEDINGS{ElasticScalingStreamProcessing,
  author={Schneider, S. and Andrade, H. and Gedik, B. and Biem, A. and Kun-Lung Wu},
  booktitle={Parallel Distributed Processing, 2009. IPDPS 2009. IEEE International Symposium on},
  title={Elastic scaling of data parallel operators in stream processing},
  year={2009},
  pages={1-12},
  keywords={media streaming;multiprocessing systems;parallel processing;computational elasticity;data analytics operator;data parallel operator;elastic scaling;multicore processor;radioastronomy imaging;stream processing environment;workload streaming;Application software;Availability;Computer science;Data analysis;Elasticity;Intelligent sensors;Multicore processing;Performance analysis;Runtime;Streaming media},
  doi={10.1109/IPDPS.2009.5161036},
  ISSN={1530-2075},
  month={May},
}

@inproceedings{YARN,
  author = {Vavilapalli, Vinod Kumar and Murthy, Arun C. and Douglas, Chris and Agarwal, Sharad and Konar, Mahadev and Evans, Robert and Graves, Thomas and Lowe, Jason and Shah, Hitesh and Seth, Siddharth and Saha, Bikas and Curino, Carlo and O'Malley, Owen and Radia, Sanjay and Reed, Benjamin and Baldeschwieler, Eric},
  title = {Apache Hadoop YARN: Yet Another Resource Negotiator},
  booktitle = {Proceedings of the 4th Annual Symposium on Cloud Computing},
  series = {SOCC '13},
  year = {2013},
  isbn = {978-1-4503-2428-1},
  location = {Santa Clara, California},
  pages = {5:1--5:16},
  articleno = {5},
  numpages = {16},
  url = {http://doi.acm.org/10.1145/2523616.2523633},
  doi = {10.1145/2523616.2523633},
  acmid = {2523633},
  publisher = {ACM},
  address = {New York, NY, USA},
}

@misc{InfoQGameChanger,
  title = {Real-Time Stream Processing as Game Changer in a Big Data World with Hadoop and Data Warehouse},
  howpublished = {\url{http://www.infoq.com/articles/stream-processing-hadoop}},
  note = {Accessed: 1.12.2015}
}

@misc{FlinkUpcoming,
  title = {Apache Flink: New Hadoop contender squares off against Spark},
  howpublished = {\url{http://www.infoworld.com/article/2919602/hadoop/flink-hadoops-new-contender-for-mapreduce-spark.html}},
  note = {Accessed: 1.12.2015}
}

@misc{TwitterHeronBlog,
  title = {Flying faster with Twitter Heron},
  howpublished = {\url{https://blog.twitter.com/2015/flying-faster-with-twitter-heron}},
  note = {Accessed: 1.12.2015}
}

@misc{WorldBeyondBatch,
  title = {The World beyond batch},
  howpublished = {\url{https://www.oreilly.com/ideas/the-world-beyond-batch-streaming-101}},
  note = {Accessed: 18.3.2016}
}

@misc{Flink,
  title = {Apache Flink},
  howpublished = {\url{http://flink.apache.org/}},
  note = {Accessed: 18.3.2016}
}

@misc{SparkStreaming,
  title = {Apache Spark Streaming},
  howpublished = {\url{http://spark.apache.org/streaming/}},
  note = {Accessed: 18.3.2016}
}

@inproceedings{Millwheel,
  title = {MillWheel: Fault-Tolerant Stream Processing at Internet Scale},
  author  = {Tyler Akidau and Alex Balikov and Kaya Bekiroglu and Slava Chernyak and Josh Haberman and Reuven Lax and Sam McVeety and Daniel Mills and Paul Nordstrom and Sam Whittle},
  year  = 2013,
  booktitle = {Very Large Data Bases},
  pages = {734--746}
}

@article{BeyondBatchProcessing,
  author    = {Saeed Shahrivari},
  title     = {Beyond Batch Processing: Towards Real-Time and Streaming Big Data},
  journal   = {CoRR},
  volume    = {abs/1403.3375},
  year      = {2014},
  url       = {http://arxiv.org/abs/1403.3375},
  timestamp = {Tue, 01 Apr 2014 11:56:46 +0200},
  biburl    = {http://dblp.uni-trier.de/rec/bib/journals/corr/Shahrivari14},
  bibsource = {dblp computer science bibliography, http://dblp.org}
}